<?xml version="1.0" encoding="UTF-8"?>
<collection xmlns:xsi="http://www.w3.org/2001/XMLSchema-instance" xsi:schemaLocation="http://www.loc.gov/MARC21/slim http://www.loc.gov/standards/marcxml/schema/MARC21slim.xsd" xmlns="http://www.loc.gov/MARC21/slim">
<record>
  <leader>01343cam a2200313 a 4500</leader>
  <controlfield tag="001">3233722</controlfield>
  <controlfield tag="003">NNC</controlfield>
  <controlfield tag="005">20121018204052.0</controlfield>
  <controlfield tag="008">020319s1927    ua       b    001 0 arard</controlfield>
  <datafield tag="035" ind1=" " ind2=" ">
    <subfield code="a">(OCoLC)37877552</subfield>
  </datafield>
  <datafield tag="035" ind1=" " ind2=" ">
    <subfield code="a">(OCoLC)ocm37877552</subfield>
  </datafield>
  <datafield tag="035" ind1=" " ind2=" ">
    <subfield code="a">(NNC)3233722</subfield>
  </datafield>
  <datafield tag="040" ind1=" " ind2=" ">
    <subfield code="a">RPB</subfield>
    <subfield code="c">RBN</subfield>
    <subfield code="d">NNC</subfield>
  </datafield>
  <datafield tag="066" ind1=" " ind2=" ">
    <subfield code="c">(3</subfield>
    <subfield code="c">(4</subfield>
  </datafield>
  <datafield tag="090" ind1=" " ind2=" ">
    <subfield code="a">R128.3</subfield>
    <subfield code="b">.I263x 1927</subfield>
  </datafield>
  <datafield tag="100" ind1="1" ind2=" ">
    <subfield code="6">880-01</subfield>
    <subfield code="a">Ibn Bakhtīshūʻ, ʻUbayd Allāh ibn Jibrāʼīl.</subfield>
  </datafield>
  <datafield tag="245" ind1="1" ind2="3">
    <subfield code="6">880-02</subfield>
    <subfield code="a">al-Rawḍah al-ṭibbīyah /</subfield>
    <subfield code="c">li-ʻUbayd Allāh ibn Jibrāʾīl ibn Bakhtīshūʻ ; ʻuniya bi-taṣḥīḥihā wa-al-taʻlīq ʻalayhā Būlus Sabāṭ.</subfield>
  </datafield>
  <datafield tag="246" ind1="1" ind2="5">
    <subfield code="a">Ar-raoudat at-tibbiyya</subfield>
  </datafield>
  <datafield tag="246" ind1="1" ind2="5">
    <subfield code="a">Jardin médical</subfield>
  </datafield>
  <datafield tag="260" ind1=" " ind2=" ">
    <subfield code="6">880-03</subfield>
    <subfield code="a">Miṣr :</subfield>
    <subfield code="b">al-Maṭbaʻah al-Raḥmānīyah,</subfield>
    <subfield code="c">1927.</subfield>
  </datafield>
  <datafield tag="300" ind1=" " ind2=" ">
    <subfield code="a">73 p. ;</subfield>
    <subfield code="c">22 cm.</subfield>
  </datafield>
  <datafield tag="504" ind1=" " ind2=" ">
    <subfield code="a">Includes bibliographical references and indexes.</subfield>
  </datafield>
  <datafield tag="650" ind1=" " ind2="0">
    <subfield code="a">Medicine, Arab.</subfield>
  </datafield>
  <datafield tag="700" ind1="1" ind2=" ">
    <subfield code="a">Sbath, Paul.</subfield>
  </datafield>
  <datafield tag="880" ind1="1" ind2=" ">
    <subfield code="6">100-01/(3/r</subfield>
    <subfield code="a">ابن بختيشوع، عبيد الله بن جبرائيل.</subfield>
  </datafield>
  <datafield tag="880" ind1="1" ind2="2">
    <subfield code="6">245-02/(3/r</subfield>
    <subfield code="a">الروضة الطبية /</subfield>
    <subfield code="c">لعبيد الله بن جبرائيل بن بختيشوع ؛ عني بتصحيحها والتعليق عليها بولس سباط.</subfield>
  </datafield>
  <datafield tag="880" ind1=" " ind2=" ">
    <subfield code="6">260-03/(3/r</subfield>
    <subfield code="a">مصر :</subfield>
    <subfield code="b">المطبعة الرحمانية،</subfield>
    <subfield code="c">1927.</subfield>
  </datafield>
  <datafield tag="955" ind1=" " ind2=" ">
    <subfield code="b">CU58972323</subfield>
    <subfield code="d">off,glx</subfield>
    <subfield code="e">893.7195 Ib55</subfield>
  </datafield>
</record>
</collection>